%% Start of script

%% Project language file 49
%% For: seanpm2001/WacOS
%% About
%% I chose BibTeX as the 49th project language file for this project (seanpm2001/WacOS), as BibTeX is beginning to get used on this project, and it needs its own project language file.

@misc{Project_language_File_49,
author = {Myrick family, Sean P. Myrick},
doi = {10.0000/00000},
month = {03},
pages = {1--10000},
title = {{I chose BibTeX as the 49th project language file for this project (seanpm2001/WacOS), as BibTeX is beginning to get used on this project, and it needs its own project language file.}},
year = {2022}
}

%% File info
%% File type: BibTeX source file (*.bib)
%% File version: 1 (2022, Tuesay, March 15th at 8:30 pm)
%% Line count (including blank lines and compiler line): 23

%% End of script
