@software{Myrick_WacOS_2021,
author = {Myrick, Sean P. Myrick},
month = {12},
title = {{WacOS}},
url = {https://github.com/seanpm2001/WacOS},
version = {Untitled},
year = {2021}
}
